@inproceedings{Rascal,
  title = {Rascal: A domain-specific language for source code analysis and manipulation},
  author = {Paul Klint and Tijs van der Storm and Jurgen Vinju},
  year = {2009},
  pages = {168--177},
  booktitle = {SCAM},
}

@incollection {RascalGTTSE,
   author = {Klint, Paul and van der Storm, Tijs and Vinju, Jurgen},
   affiliation = {Centrum Wiskunde &amp; Informatica},
   title = {EASY Meta-programming with Rascal},
   booktitle = {Generative and Transformational Techniques in Software Engineering III},
   series = {Lecture Notes in Computer Science},
   editor = {Fernandes, Jo{\~{a}}o and L{\"a}mmel, Ralf and Visser, Joost and Saraiva, Jo{\~{a}}o},
   publisher = {Springer},
   pages = {222--289},
   volume = {6491},
   year = {2011}
}

